@inproceedings{blocksforall,
  author   = {Lauren R. Milne and Richard E. Ladner },
  title    = {Blocks4All: Overcoming Accessibility Barriers to Blocks Programming for Children with Visual Impairments},
  booktitle  = "CHI '18: Proceedings of the 2018 CHI Conference on Human Factors in Computing Systems",
  year     = "2018",
 
  pages    = "1-10"
}

@book{CB-intro1,
  author    = {Y.B. Kafai and Q. Burke},
  title     = {Connected Code: Why Children Need to Learn Programming.},
  publisher = {MIT Press},
  year      = {2014}
}
@book{moon,
  author    = {N.W. Moon and R.L. Todd and D.L. Morton and E. Ivey},
  title     = {Accommodating Students with Disabilities in Science, Technology, Engineering and Mathematics(STEM): Findings from Research and practice for middle grades through university education},
  year      = {2012}
}


@inproceedings{CB-intro2,
  author    = { F.J Gutierrez and J. Simmonds and C. Casanova and C. Sotomayor and N. Hitschfeld},
  title     = {Coding or Hacking? Exploring Inaccurate Views on Computing and Computer Scientists among K-6 Learners in Chile.},
  booktitle = "Proceedings of the 49th ACM Technical Symposium on Computer Science Education",
  series = "SIGCSE",
  address = "Baltimore, Maryland, USA",
  publisher = "ACM",
  pages = "993–998",
  year      = {2018}
}

@inproceedings{CB-intro3,
  author    = { A.K. Hansen and H.A. Dwyer and A. Iveland and M. Talesfore and L. Wright and D.B. Harlow and D. Franklin},
  title     = {Assessing Children’s Understanding of the Work of Computer Scientists: The Draw-a-Computer-Scientist Test.},
  booktitle = {Proceedings of the 2017 ACM SIGCSE Technical Symposium on Computer Science Education},
  series = "SIGCSE",
  year= "2017",
  address = "Seattle, Washington, USA",
  publisher = "ACM",
  pages = "279-284"
  
}


J. M. Wing, “Computational Thinking,” Commun. ACM, vol. 49, no. 3, pp. 33–35, mar 2006.
[Online]. Available: https://doi.org/10.1145/1118178.1118215

@article{CB-CT1,
  author    = {J.M. Wing},
  title     = {Computational Thinking},
  journal = "Commun. ACM",
  year      = {2006},
  pages ="33-35",
  volume = "49",
  number = "3"
}
@inproceedings{metatla,
  author    = {O. Metatla and C. Cullen},
  title     = {Bursting the assistance bubble: Designing inclusive technology with children with mixed visual abilities},
  booktitle  = "Proceedings of the 2018 CHI Conference on Human Factors for Computing Systems",
  year     = "2018",
  address = "Montreal, QC"
  pages    = "346"
  
}



[56] Resnick, M. and Silverman, B. 2005. Some reflections on designing construction kits for kids. Proceedings of the 2005 conference on Interaction design and children (Boulder, Colorado, Jun. 2005), 117–122.

@inproceedings{CB-lowfloor,
  author    = {M. Resnick and B. Silverman},
  title     = {Some reflections on designing construction kits for kids.},
  booktitle = {Proceedings of the 2005 conference on Interaction design and children },
  series = "SIGCSE",
  year= "2005",
  address = "Boulder, Colorado",
  publisher = {ACM},
  pages = "117–122."
  }
  
   Banerjee, R., Yip, J., Lee, K.J. and Popović, Z. 2016. Empowering Children To Rapidly Author Games and Animations Without Writing Code. Proceedings of the The 15th International Conference on Interaction Design and Children (Manchester, United Kingdom, Jun. 2016), 230–237.
   
 @inproceedings{lee,
  author    = {R. Banerjee and J. Yip and K.J. Lee and Z. Popović },
  title     = {Empowering Children To Rapidly Author Games and Animations Without Writing Code.},
  booktitle = {Proceedings of the The 15th International Conference on Interaction Design and Children},
  year= "2016",
  address = "Manchester, UK",
  publisher = "ACM",
  pages = "230-237."
 
 
 }
 
 Brennan, K. and Resnick, M. 2012. New frameworks for studying and assessing the development of computational thinking. Proceedings of the 2012, annual meeting of the American educational research association, Vancouver, Canada
(2012), 25.

 @inproceedings{resnick11,
  author    = {K. Brennan and M. Resnick },
  title     = {New frameworks for studying and assessing the development of computational thinking.},
  booktitle = {Proceedings of the 2012, annual meeting of the American educational research association},
  year= "2012",
  address = "Vancouver, Canada",
  pages = "25"
 
 }
 
Resnick, M., Maloney, J., Monroy-Hernández, A., Rusk, N., Eastmond, E., Brennan, K., Millner, A., Rosenbaum, E., Silver, J., Silverman, B. and Kafai, Y. 2009. Scratch: programming for all. Communications of the ACM. 52, 11 (Nov. 2009), 60– 67. DOI:https://doi.org/10.1145/1592761.1592779.


 
 @article{scratch,
  author   = "M. Resnick and J. Maloney and A. Monroy-Hernandez and N. Rusk and E. Eastmond and K. Brennan and A. Millner and E. Rosenbaum and J. Silver and B. Silverman and Y. Kafai",
  title    = "Scratch: programming for all",
  journal  = "Communications of the ACM",
  year     = "2009",
  volume   = "52",
  number   = "11",
  pages    = "66-67"
}
Fraser, N. 2015. Ten things we’ve learned from Blockly. 2015 IEEE Blocks and Beyond Workshop (Blocks and Beyond) (Oct. 2015), 49–50.

 @article{blockly,
  author   = "N. Fraser",
  title    = " Ten things we’ve learned from Blockly. ",
  journal  = "IEEE Blocks and Beyond Workshop",
  year     = "2015",
  pages    = "49-50"
}

Hansen, A.K., Dwyer, H.A., Hill, C., Iveland, A., Martinez, T., Harlow, D. and Franklin, D. 2015. Interactive design by children: a construct map for programming. Proceedings of the 14th International Conference on Interaction Design and Children (Boston, Massachusetts, Jun. 2015), 267–270.
@inproceedings{multisensory,
  author    = {A.K. Hansen and H.A. Dwyer and C. Hill and A. Iveland and T. Martinez and D. Harlow and D. Franklin},
  title     = {Interactive design by children: a construct map for programming},
  booktitle = {Proceedings of the 14th International Conference on Interaction Design and Children},
  year= "2015",
  address = "Boston, Massachusetts",
  pages = "267-270"
 
 }
 
  Lawhead, P.B., Duncan, M.E., Bland, C.G., Goldweber, M., Schep, M., Barnes, D.J. and Hollingsworth, R.G. 2002. A road map for teaching introductory programming using LEGO© mindstorms robots. ACM SIGCSE Bulletin. 35, 2 (Jun. 2002), 191–201. DOI:https://doi.org/10.1145/782941.783002.
  
 @article{lego-mindstorm,
  author   = {P.B. Lawhead and M.E. Duncan and C.G. Bland and M. Goldweber and M. Schep, D.J. Barnes and R.G. Hollingsworth},
  title    = " A road map for teaching introductory programming using LEGO© mindstorms robots.",
  journal  = "ACM SIGCSE Bulletin",
  year     = "2002",
  volume = "35",
  number ="2",
  pages    = "191-201"
}

Department for Education. (2014). The national curriculumin England -Framework document. Department for Education. Retrieved from https://www.gov.uk/government/uploads/system/uploads/attachment_data/file/381344/Master_final_national_curriculum_28_Nov.pdf

@misc{education-department,
  title        = "The national curriculum in England -Framework document",
  author       = {Department for Education},
 
  year         = "2014"

}

Andrew Manches and Lydia Plowman. Computing education in children’s early years: A call for debate. British Journal of Educational Technology, 48:n/a–n/a, 12 2015.

@article{confidence,
  author   = {Andrew Manches and Lydia Plowman},
  title    = "Computing education in children’s early years: A call for debate..",
  journal  = "British Journal of Educational Technology",
  year     = "2015",
  volume = "48",
  number ="1",
  pages    = "191-201"
}

https://teachcomputing.org/curriculum/key-stage-1/programming-a-moving-a-robot
@misc{robot-KS1,
  title        = "KS1 Curriculum - Programming a moving robot",
  author       = {Teach Computing},
  howpublished = "\url{ https://teachcomputing.org/curriculum/key-stage-1/programming-a-moving-a-robot}"

}

Miles Berry. Computing in the national curriculum: A guide for primary teachers. Computing at School., 2013.

@misc{curricula,
  title        = "Computing in the national curriculum: A guide for primary teachers.",
  author       = {Miles Berry},
  year = "2013"

}
@misc{nhs,
title = "Blindness and vision loss",
author ="NHS",
howpublished = "\url{https://www.nhs.uk/conditions/vision-loss/}"

}
@misc{rnib,
title = "Key facts about vision impairment in children and young people",
author ="RNIB"
}

@misc{parliment,
title = "The 1981 Education Act",
author ="UK Parliment",
year = "1981",
howpublished = "\url{http://www.legislation.gov.uk/Ukpga/1981/60/Enacted}"
}

Radoslava Kraleva, Velin Kralev, and Dafina Kostadinova. Investigating some programming lan- guages for children to 8 years. In International Scientific and Practical Conference “WORLD SCI- ENCE”, 09 2016.

@inproceedings{cognitive,
  author    = "Radoslava Kraleva and Velin Kralev and and Dafina Kostadinova",
  title     = "Investigating some programming lan- guages for children to 8 years.",
  booktitle = "International Scientific and Practical Conference",
  series    = "WORLD SCIENCE",
  year      = "2016",
  address   = "Abu-Dhabi, UAE"
}

B. J. Bartlett, V. Estivill-Castro, S. Seymon, and A. Tourky, “Robots for Pre-orientation and Interaction of Toddlers and Preschoolers who are Blind,” no. May 2014, 2003. [Online]. Available: http://www98.griffith.edu.au/dspace/handle/10072/1796

D. Bau, J. Gray, C. Kelleher, J. Sheldon, and F. Turbak, “Learnable Programming: Blocks and Beyond,” Commun. ACM, vol. 60, no. 6, pp. 72–80, 2017. [Online]. Available: http://doi.acm.org/10.1145/3015455

@article{blocks,
  author   = {D. Bau and J. Gray and C. Kelleher and J. Sheldon and F. Turbak},
  title    = "Learnable Programming: Blocks and Beyond",
  journal  = "Commun. ACM",
  year     = "2017",
  volume = "60",
  number ="6",
  pages    = "72-80"
}

 L. P. Flannery, E. R. Kazakoff, P. Bonta ́, B. Silverman, M. U. Bers, and M. Resnick, “Designing ScratchJr: Support for early childhood learning through computer programming,” ACM International Conference Proceeding Series, pp. 1–10, 2013.
 
 @inproceedings{scratchjr,
  author    = "L. P. Flannery and E. R. Kazakoff and P. Bonta and B. Silverman and M. U. Bers and M. Resnick",
  title     = "Designing ScratchJr: Support for early childhood learning through computer programming",
  booktitle = "ACM International Conference Proceeding Series",
  year      = "2013",
  pages = "1-10"
}

THE IMPACT OF USER INTERFACE ON YOUNG CHILDREN’S COMPUTATIONAL THINKING Alex Pugnali*
Amanda Sullivan Marina Umaschi Bers

@article{bers,
  author   = {Alex Pugnali and
Amanda Sullivan and Marina Umaschi Bers},
  title    = "THE IMPACT OF USER INTERFACE ON YOUNG CHILDREN’S COMPUTATIONAL THINKING",
  journal  = "Journal of Information Technology Education: Innovations in Practice",
  year     = "2017",
  volume = "16",
  number ="1",
  pages    = "171-193"
}
Gray, C. (2009). A Qualitatively Different Experience: Mainstreaming Pupils with a Visual
Impairment in Northern Ireland. Euro. J. Special Needs Education, 24(2), 169–182.
@article{gray,
  author   = {C. Gray},
  title    = "A Qualitatively Different Experience: Mainstreaming Pupils with a Visual Impairment in Northern Ireland",
  journal  = "Euro. J. Special Needs Education",
  year     = "2009",
  volume = "24",
  number ="2",
  pages    = "169-182"
}



@phdthesis{phd,
  author  = "Rempel Robert Charles",
  title   = "Modality Matters: Understanding the Effects of Programming Language Representation in High School Computer Science Classrooms",
  school  = "Northwestern University",
  address = "Evanston, Illinois",
  year    = "2016",
  month   = September 
}
Yoshiaki Matsuzawa, Yoshiki Tanaka, Sanshiro Sakai. Measuring an Impact of Block-Based Language in Introductory Programming. 1st International Conference on Stakeholders and Information Technology in Education (SAITE), Jul 2016, Guimarães, Portugal. pp.16-25

@inproceedings{study2-impact,
  author    = "Yoshiaki Matsuzawa and Yoshiki Tanaka and Sanshiro Sakai",
  title     = "Measuring an Impact of Block-Based Language in Introductory Programming",
  booktitle = "1st International Conference on Stakeholders and Information Technology in Education",
  year      = "2016",
  pages = "16-25"
}

Programming by voice: a hands-free approach for motorically challenged children

@inproceedings{motorical,
  author    = "Amber Wagner and Ramaraju Rudraraju and Srinivasa Datla and Avishek Banerjee and Mandar Sudame and Jeff Gray",
  title     = "Programming by voice: a hands-free approach for motorically challenged children",
  booktitle = "CHI",
  year      = "2012",
  pages = "2087-2092"
}
Cecily Morrison, Nicolas Villar, Alex Hadwen-Bennett, Tim Regan, Daniel Cletheroe, Anja Thieme, and Sue Sentance. Physical programming for blind and low vision children at scale. Hu- man–Computer Interaction, 0(0):1–35, 2019.
@article{limitations,
  author   = {Cecily Morrison and Nicolas Villar and Alex Hadwen-Bennett and Tim Regan and Daniel Cletheroe and Anja Thieme and Sue Sentance.},
  title    = "Physical programming for blind and low vision children at scale. ",
  journal  = "Human–Computer Interaction",
  year     = "2019",
  pages    = "1-35"
}



4] M. U. Bers, Coding as a playground: Programming and computational thinking in the early child- hood classroom. Routledge, 2017.

@book{intro,
  author    = {M. U. Bers},
  title     = {Coding as a playground: Programming and computational thinking in the early child- hood classroom.},
  publisher = {Routledge},
  year      = {2017}
}


[5] D. H. Clements and D. F. Gullo, “Effects of computer programming on young children’s cognition.” Journal of Educational Psychology, vol. 76, no. 6, pp. 1051–1058, 1984.

@article{cognition-intro,
  author    = {D. H. Clements and D. F. Gullo},
  title     = {Effects of computer programming on young children’s cognition.},
  journal = "Journal of Educational Psychology",
  year      = {1984},
  pages ="1051-1058",
  volume = "76",
  number = "6"
}


[9] B. Caci, G. Chiazzese, and A. D’Amico, “Robotic and virtual World Programming labs to Stimulate Reasoning and visual-spatial Abilities,” Procedia - Social and Behavioral Sciences, vol. 93, pp. 1493–1497, 2013. [Online]. Available: http://dx.doi.org/10.1016/j.sbspro.2013.10.070

@article{intro-robots,
  author    = {B. Caci and G. Chiazzese and A. D’Amico},
  title     = {Robotic and virtual World Programming labs to Stimulate Reasoning and visual-spatial Abilities},
  journal = "Procedia - Social and Behavioral Sciences",
  year      = "2013",
  pages ="1493–1497",
  volume = "93"
 
}

V. Koushik, D. Guinness, and S. K. Kane, “StoryBlocks: A tangible programming game to create accessible audio stories,” Conference on Human Factors in Computing Systems - Proceedings, 2019.

@inproceedings{storyblocks,
  author    = "V. Koushik and D. Guinness and S. K. Kane",
  title     = "StoryBlocks: A tangible programming game to create accessible audio stories",
  booktitle = "Conference on Human Factors in Computing Systems - Proceedings",
  year      = "2019"
}

A. Thieme, C. Morrison, N. Villar, M. Grayson, and S. Lindley, “Enabling Collaboration in Learning Computer Programing Inclusive of Children with Vision Impairments,” in Proceedings of the 2017 Conference on Designing Interactive Systems, ser. DIS ’17. New York, NY, USA: ACM, 2017, pp. 739–752. [Online]. Available: http://doi.acm.org/10.1145/3064663.3064689

@inproceedings{torino,
  author    = "A. Thieme and C. Morrison and N. Villar and M. Grayson and S. Lindley",
  title     = "Enabling Collaboration in Learning Computer Programing Inclusive of Children with Vision Impairments",
  booktitle = "Proceedings of the 2017 Conference on Designing Interactive Systems",
  year      = "2017",
  address = "New York, NY, USA",
  publisher ="ACM",
  pages = "739–752"
}

Andreas Stefik and Richard Ladner. The quorum programming language (abstract only). In Pro- ceedings of the 2017 ACM SIGCSE Technical Symposium on Computer Science Education, SIGCSE ’17, page 641, New York, NY, USA, 2017. Association for Computing Machinery.

@inproceedings{quorum,
  author    = "Andreas Stefik and Richard Ladner",
  title     = "The quorum programming language",
  booktitle = "In Proceedings of the 2017 ACM SIGCSE Technical Symposium on Computer Science Education, SIGCSE ’17",
  year      = "2017",
  address = "New York, NY, USA",
  publisher ="ACM",
  pages = "641"
}


 Stephanie Ludi, Mohammed Abadi, Yuji Fujiki, Priya Sankaran, and Spencer Herzberg. Jbrick: Accessible lego mindstorm programming tool for users who are visually impaired. In Proceedings of the 12th International ACM SIGACCESS Conference on Computers and Accessibility, ASSETS ’10, page 271–272, New York, NY, USA, 2010. Association for Computing Machinery.
 

Stephanie Ludi, Mohammed Abadi, Yuji Fujiki, Priya Sankaran, and Spencer Herzberg. Jbrick: Accessible lego mindstorm programming tool for users who are visually impaired. In Proceedings of the 12th International ACM SIGACCESS Conference on Computers and Accessibility, ASSETS ’10, page 271–272, New York, NY, USA, 2010. Association for Computing Machinery.

 @inproceedings{jbrick,
  author    = "Stephanie Ludi and Mohammed Abadi and Yuji Fujiki and Priya Sankaran and and Spencer Herzberg",
  title     = "Jbrick: Accessible lego mindstorm programming tool for users who are visually impaired",
  booktitle = "In Proceedings of the 12th International ACM SIGACCESS Conference on Computers and Accessibility",
  year      = "2010",
  address = "New York, NY, USA",
  publisher ="ACM",
  pages = "271-272"
}

Ann C. Smith, Joan M. Francioni, and Sam D. Matzek. A java programming tool for students with visual disabilities. In Proceedings of the Fourth International ACM Conference on Assistive Technologies, Assets ’00, page 142–148, New York, NY, USA, 2000. Association for Computing Machinery.

 @inproceedings{javaspeak,
  author    = "Ann C. Smith and Joan M. Francioni and Sam D. Matzek",
  title     = " A java programming tool for students with visual disabilities",
  booktitle = "In Proceedings of the Fourth International ACM Conference on Assistive Technologies",
  year      = "2000",
  address = "New York, NY, USA",
  publisher ="ACM",
  pages = "142-148"
}

Literature Review in Learning with Tangible Technologies

@article{lit-review,
  author    = {Claire O’Malley and Danae Stanton Fraser},
  title     = {Literature Review in Learning with Tangible Technologies
},
  journal = "FUTURELAB SERIES, Report 12",
  year      = {2004}

}



@article{cubetto,
  author    = {Lucía Gabriela and Caguana Anzoátegui and Maria A. Pereira and Monica del Carmen and Solís Jarrín},
  title     = {Cubetto for preschoolers: Computer programming code to code.},
  journal = "In 2017 International Symposium on Computers in Education (SIIE)",
  year      = {2017},
  pages ="1-5"

}

 A. Sullivan, M. Elkin, and M. U. Bers, “KIBO robot demo,” pp. 418–421, 2015.
@article{kibo,
  author    = {A. Sullivan and M. Elkin and and M. U. Bers},
  title     = {KIBO robot demo},
  year      = {2015},
  pages ="418-421"

}

Mindstorms: Children, Computers, and Powerful Ideas, S. Papert

@book{papert,
  author    = {Seymour Papert},
  title     = {Mindstorms: Children, Computers, and Powerful Ideas},
  publisher = {Harvester Press},
  year      = {1980}
}

 M. Bonani, R. Oliveira, F. Correia, A. Rodrigues, T. Guerreiro, and A. Paiva, “What My Eyes Can’T See, A Robot Can Show Me: Exploring the Collaboration Between Blind People and Robots,” in Proceedings of the 20th International ACM SIGACCESS Conference on Computers and Accessibility, ser. ASSETS ’18. New York, NY, USA: ACM, 2018, pp. 15–27. [Online]. Available: http://doi.acm.org/10.1145/3234695.3239330
 
  @inproceedings{feedback,
  author    = "M. Bonani and R. Oliveira and F. Correia and A. Rodrigues and T. Guerreiro and A. Paiva",
  title     = "What My Eyes Can’T See, A Robot Can Show Me: Exploring the Collaboration Between Blind People and Robots",
  booktitle = "In Proceedings of the 20th International ACM SIGACCESS Conference on Computers and Accessibility, ser. ASSETS ’18",
  year      = "2018",
  address = "New York, NY, USA",
  publisher ="ACM",
  pages = "15-27"
}

[43] A. Strawhacker and M. U. Bers, “What they learn when they learn coding: investigating cognitive domains and computer programming knowledge in young children,” Educational Technology Research and Development, vol. 67, no. 3, pp. 541–575, Jun 2019. [Online]. Available: https://doi.org/10.1007/s11423-018-9622-x


@article{43f,
  author    = {A. Strawhacker and M. U. Bers},
  title     = {What they learn when they learn coding: investigating cognitive domains and computer programming knowledge in young children},
  journal = "Educational Technology Research and Development",
  year      = {2019},
  pages ="541-575",
  volume = "67",
  number = "3"
}


[8]  B. J. Bartlett, V. Estivill-Castro, S. Seymon, and A. Tourky, “Robots for Pre-orientation and Interaction of Toddlers and Preschoolers who are Blind,” no. May 2014, 2003. [Online]. Available: http://www98.griffith.edu.au/dspace/handle/10072/1796

@article{8f,
  author    = {B. J. Bartlett and V. Estivill-Castro and S. Seymon and A. Tourky},
  title     = {Robots for Pre-orientation and Interaction of Toddlers and Preschoolers who are Blind},
  journal = "Educational Technology Research and Development",
  year      = {2003}

}

M. Fiala. Artag, a fiducial marker system using digital techniques. In 2005 IEEE Computer Society Conference on Computer Vision and Pattern Recognition (CVPR’05), volume 2, pages 590–596 vol. 2, 2005.

@inproceedings{artag,
  author    = "M. Fiala",
  title     = "Artag, a fiducial marker system using digital techniques",
  booktitle = "In 2005 IEEE Computer Society Conference on Computer Vision and Pattern Recognition (CVPR’05)",
  year      = "2005",
  pages = "590-596"
}

Joseph DeGol, Timothy Bretl, and Derek Hoiem. Chromatag: A colored marker and fast detection algorithm. In Proceedings of the IEEE International Conference on Computer Vision, pages 1472– 1481, 2017.

@inproceedings{chroma,
  author    = "Joseph DeGol and Timothy Bretl and Derek Hoiem",
  title     = "Chromatag: A colored marker and fast detection algorithm",
  booktitle = "In Proceedings of the IEEE International Conference on Computer Vision",
  year      = "2017",
  pages = "1472-1481"
}


Olson, Edwin. ”AprilTag: A robust and flexible visual fiducial system.” Robotics and Automation (ICRA), 2011 IEEE International Conference on. IEEE, 2011.

@inproceedings{april,
  author    = "Edwin Olson",
  title     = "AprilTag: A robust and flexible visual fiducial system.",
  booktitle = "IEEE International Conference on. IEEEn",
  year      = "2011",
  publisher ="Robotics and Automation (ICRA)"

}
@INPROCEEDINGS{comparison,
  author={Kalaitzakis, Michail and Carroll, Sabrina and Ambrosi, Anand and Whitehead, Camden and Vitzilaios, Nikolaos},
  booktitle={2020 International Conference on Unmanned Aircraft Systems (ICUAS)}, 
  title={Experimental Comparison of Fiducial Markers for Pose Estimation}, 
  year={2020},
  volume={},
  number={},
  pages={781-789}}

@INPROCEEDINGS{artoolkit,
  author={Fiala, M.},
  booktitle={2005 IEEE Computer Society Conference on Computer Vision and Pattern Recognition (CVPR'05)}, 
  title={ARTag, a fiducial marker system using digital techniques}, 
  year={2005},
  volume={2},
  number={},
  pages={590-596 vol. 2},
  doi={10.1109/CVPR.2005.74}}
  
  
@article{aruco,
author = {Garrido-Jurado, Sergio and Muñoz-Salinas, Rafael and Madrid-Cuevas, Francisco and Marín-Jiménez, Manuel},
year = {2014},
month = {06},
pages = {2280–2292},
title = {Automatic generation and detection of highly reliable fiducial markers under occlusion},
volume = {47},
journal = {Pattern Recognition},
doi = {10.1016/j.patcog.2014.01.005}
}



@misc{opencv-aruco,
  title        = "Detection of ArUco Markers",
  author       = {OpenCV},
 
howpublished = "\url{https://docs.opencv.org/4.x/d5/dae/tutorial_aruco_detection.html}"

}




@misc{online-aruco,
  title        = "Online ArUco markers generator",
  author       = {Oleg Kalachev},
 
howpublished = "\url{https://github.com/okalachev/arucogen}"

}

Kaarel Maidre. Python-like language for ozobot. https://github.com/Kaarel94/Ozobot-Python, 2017.

@misc{ozopy,
  title        = "Python-like language for ozobot",
  author       = {Kaarel Maidre},
  year ="2017",
 
howpublished = "\url{https://github.com/Kaarel94/Ozobot-Python, 2017}"

}
 Ashley Feniello. Reverse engineering the ozobot. https://github.com/AshleyF/ozobot, 2016.
 
 @misc{ashley,
  title        = "Reverse engineering the ozobot",
  author       = {Ashley Feniello},
 
howpublished = "\url{https://github.com/AshleyF/ozobot}",
year ="2016"
}